<?xml version="1.0" encoding="UTF-8"?>
<record xmlns="http://www.loc.gov/MARC21/slim" xmlns:xsi="http://www.w3.org/2001/XMLSchema-instance" xsi:schemaLocation="http://www.loc.gov/MARC21/slim http://www.loc.gov/standards/marcxml/schema/MARC21slim.xsd">
<leader>00000cam a22      a 4500</leader>
<controlfield tag="001">001689292</controlfield>
<controlfield tag="003">NNU</controlfield>
<controlfield tag="005">20150609175344.0</controlfield>
<controlfield tag="008">040528s1800    ir            000 0 ara d</controlfield>
<datafield tag="035" ind1=" " ind2=" ">
<subfield code="a">(OCoLC)55507735</subfield>
</datafield>
<datafield tag="040" ind1=" " ind2=" ">
<subfield code="a">ZYU</subfield>
<subfield code="b">eng</subfield>
<subfield code="c">ZYU</subfield>
<subfield code="d">OCLCQ</subfield>
<subfield code="d">OCLCG</subfield>
<subfield code="d">OCLCF</subfield>
<subfield code="d">OCLCO</subfield>
<subfield code="d">OCLCQ</subfield>
<subfield code="d">NNU</subfield>
</datafield>
<datafield tag="050" ind1=" " ind2="4">
<subfield code="a">BP184.2</subfield>
<subfield code="b">.T8 1800</subfield>
</datafield>
<datafield tag="100" ind1="1" ind2=" ">
<subfield code="6">880-01</subfield>
<subfield code="a">Ṭūsī, Muḥammad ibn al-Ḥasan,</subfield>
<subfield code="d">995-1067?</subfield>
</datafield>
<datafield tag="240" ind1="1" ind2="0">
<subfield code="6">880-02</subfield>
<subfield code="a">Jumal wa-al-ʻuqūd</subfield>
</datafield>
<datafield tag="245" ind1="1" ind2="0">
<subfield code="6">880-03</subfield>
<subfield code="a">Kitāb al-Jumal wa-al-ʻuqūd /</subfield>
<subfield code="c">taṣnīf Abī Jaʻfar al-Ṭūsī.</subfield>
</datafield>
<datafield tag="260" ind1=" " ind2=" ">
<subfield code="a">[Tehran?] :</subfield>
<subfield code="b">[publisher not identified],</subfield>
<subfield code="c">[1800?]</subfield>
</datafield>
<datafield tag="300" ind1=" " ind2=" ">
<subfield code="a">85 pages ;</subfield>
<subfield code="c">19 cm</subfield>
</datafield>
<datafield tag="336" ind1=" " ind2=" ">
<subfield code="a">text</subfield>
<subfield code="b">txt</subfield>
<subfield code="2">rdacontent</subfield>
</datafield>
<datafield tag="337" ind1=" " ind2=" ">
<subfield code="a">unmediated</subfield>
<subfield code="b">n</subfield>
<subfield code="2">rdamedia</subfield>
</datafield>
<datafield tag="338" ind1=" " ind2=" ">
<subfield code="a">volume</subfield>
<subfield code="b">nc</subfield>
<subfield code="2">rdacarrier</subfield>
</datafield>
<datafield tag="650" ind1=" " ind2="0">
<subfield code="a">Worship (Islam)</subfield>
</datafield>
<datafield tag="650" ind1=" " ind2="0">
<subfield code="a">Islam</subfield>
<subfield code="x">Customs and practices</subfield>
<subfield code="v">Early works to 1800.</subfield>
</datafield>
<datafield tag="650" ind1=" " ind2="7">
<subfield code="a">Islam</subfield>
<subfield code="x">Customs and practices.</subfield>
<subfield code="2">fast</subfield>
<subfield code="0">(OCoLC)fst00979785</subfield>
</datafield>
<datafield tag="650" ind1=" " ind2="7">
<subfield code="a">Worship (Islam)</subfield>
<subfield code="2">fast</subfield>
<subfield code="0">(OCoLC)fst01181460</subfield>
</datafield>
<datafield tag="655" ind1=" " ind2="7">
<subfield code="a">Early works.</subfield>
<subfield code="2">fast</subfield>
<subfield code="0">(OCoLC)fst01411636</subfield>
</datafield>
<datafield tag="740" ind1="0" ind2=" ">
<subfield code="6">880-04</subfield>
<subfield code="a">Jumal wa-al-ʻuqūd.</subfield>
</datafield>
<datafield tag="880" ind1="1" ind2=" ">
<subfield code="6">100-01/</subfield>
<subfield code="a">طوسى، محمد بن الحسن،</subfield>
<subfield code="d">995-1067?</subfield>
</datafield>
<datafield tag="880" ind1="1" ind2="0">
<subfield code="6">240-02/</subfield>
<subfield code="a">جمل والعقود</subfield>
</datafield>
<datafield tag="880" ind1="1" ind2="0">
<subfield code="6">245-03/</subfield>
<subfield code="a">كتاب الجمل والعقود /</subfield>
<subfield code="c">تصنيف أبى جعفر الطوسى.</subfield>
</datafield>
<datafield tag="880" ind1="0" ind2=" ">
<subfield code="6">740-04/</subfield>
<subfield code="a">جمل والعقود.</subfield>
</datafield>
<datafield tag="OWN" ind1=" " ind2=" ">
<subfield code="a">GENERAL</subfield>
</datafield>
<datafield tag="AVA" ind1=" " ind2=" ">
<subfield code="a">NYU50</subfield>
<subfield code="b">BOBST</subfield>
<subfield code="c">Main Collection</subfield>
<subfield code="d">BP184.2 .T8 1800</subfield>
<subfield code="e">unavailable</subfield>
<subfield code="t">Unavailable</subfield>
<subfield code="f">1</subfield>
<subfield code="g">1</subfield>
<subfield code="h">N</subfield>
<subfield code="i">0</subfield>
<subfield code="j">MAIN</subfield>
<subfield code="k">0</subfield>
</datafield>
</record>
